2648 5190
401 583 440 635 ts
466 584 677 666 normam
706 585 913 639 amounttt.
1180 565 1225 639 ἐι

94 748 334 823 subtilitatem
358 750 625 850 grammaticam
650 752 742 826 mire
768 749 978 851 neglexisse.
1027 747 1148 837 Quam
1167 746 1223 822 in·

93 896 294 977 terpretum
316 878 554 955 temeritatem
575 859 706 954 acriter
728 877 899 980 quidem,
923 903 1048 953 verum
1070 902 1143 951 suo·
1157 876 1222 950 ali·

92 1030 172 1104 quo
203 1004 284 1079 iure
318 1007 526 1107 perstrinxit
551 1013 795 1082 Hermunnua
827 1006 875 1080 ad
904 1005 1024 1105 Viget.
1058 1032 1094 1106 p.
1118 1009 1221 1100 788.;
1275 1042 1280 1053 ·

94 1132 343 1228 „tristissima,
375 1134 563 1234 inquiens,
581 1137 763 1238 {profacto
783 1161 861 1210 sors
886 1132 1016 1233 obtigit
1035 1129 1224 1232 scriptori·

96 1261 189 1356 „bns
208 1262 330 1356 sacris,
356 1287 514 1362 quorum
533 1263 564 1336 si
582 1259 756 1337 audiendi
771 1283 860 1337 suut
884 1262 1115 1361 interpretes,
1130 1258 1224 1334 nihil

91 1386 277 1480 „inveniri
306 1408 377 1464 tam
408 1389 606 1466 absurdum
642 1415 824 1491 sanaeque
848 1387 979 1462 rationi
999 1386 1223 1463 eontrarium

91 1517 278 1614 „poterit,
310 1515 415 1617 quod
436 1545 532 1601 nou,
546 1584 549 1593 .
563 1518 594 1592 si
619 1517 718 1618 apud
740 1517 810 1592 hos
841 1515 1036 1616 scriptores
1067 1513 1223 1617 reperis*-

94 1663 198 1739 „tur,
233 1667 348 1739 recte,
388 1645 465 1720 imo
498 1647 679 1747 eleganter
710 1644 849 1721 dictum
879 1644 958 1718 sita
987 1643 1110 1730 Quare
1140 1641 1223 1719 dili,

75 1746 246 1870 ,genter
261 1793 408 1847 careant
421 1772 570 1869 tirones,
596 1801 642 1849 ne
663 1752 802 1877 poterit,
828 1773 926 1848 viros
945 1770 1080 1873 spiritu
1096 1788 1222 1845 saneto

98 1903 278 1996 ·„afflatos,
316 1900 494 2000 sprevisse
516 1927 719 1977 sermonem
743 1901 972 1996 mortalium,
1005 1896 1072 1973 sed
1095 1897 1224 1976 memi-

102 2027 245 2120 „nerint
267 2030 401 2129 potius,
428 2029 530 2103 illum
551 2027 813 2131 interpretandi
834 2030 1024 2121 rationem,
1044 2053 1116 2128 qua
1133 2050 1225 2103 nott·

101 2155 217 2247 „nulli
241 2156 498 2257 theologorum
519 2179 690 2252 utuntur,
730 2157 824 2232 nihil
850 2183 928 2232 esse
957 2155 1028 2239 nisi
1052 2156 1224 2255 blasphe-

91 2283 241 2376 „miam
270 2287 508 2358 'Documento
525 2306 609 2360 suot
623 2290 767 2369 Lexicu
781 2283 879 2361 Nori
892 2283 1003 2378 Tese,
1022 2309 1067 2358 ex
1087 2283 1231 2383 quibus·

95 2409 207 2504 „aiud
224 2418 297 2503 ad,
323 2417 366 2501 ἐξ
389 2417 448 2503 in,
475 2420 529 2503 εἰς
551 2440 597 2488 ex
617 2413 837 2515 significare,
866 2413 1026 2514 danique
1048 2409 1225 2506 omnium,
1308 2492 1312 2500 ‚

94 2566 217 2638 „quae
245 2542 324 2613 fieri
355 2563 559 2641 nequeunt,
591 2543 688 2618 nibil
716 2570 791 2619 uon
815 2545 950 2618 factum
973 2566 1049 2614 esse
1071 2539 1225 2615 diruat

210 2667 260 2740 Ut
283 2695 369 2743 tero
394 2669 432 2742 iu
455 2692 648 2771 utramque
672 2694 809 2773 partem
832 2672 940 2746 facile
962 2690 1148 2768 peccatur,
1173 2668 1224 2751 ita

103 2794 210 2868 etiam
232 2798 474 2872 recentiorum
496 2797 734 2902 interpretum
757 2797 928 2874 nonnulli
950 2796 1057 2870 nimii
1074 2822 1151 2870 esse
1172 2797 1226 2872 vi·
1280 2820 1283 2825 ·

87 2920 237 2997 dentur
262 2937 299 2997 iu
322 2924 517 3000 iudicanda
540 2926 706 3003 dictione
726 2927 774 3004 N.
794 2927 840 3013 T,
860 2923 1069 3001 secuudum
1085 2925 1226 3000 subtili·

103 3067 215 3122 tatem
251 3056 517 3150 grammaticam
564 3056 688 3149 illam,
733 3055 781 3130 ad
814 3081 951 3223 quau&
964 3056 1224 3146 Hermam,
1276 3038 1281 3047 ’

96 3179 304 3275 Matthiae,
343 3185 597 3256 Buttmaurtua
629 3183 766 3283 aliique
797 3183 941 3283 liuguae
976 3208 1121 3281 graecae
1155 3184 1249 3259 do·‘
1321 3190 1323 3196 '

97 3325 215 3378 ctores
249 3307 441 3381 clarissimi
486 3308 685 3387 dictionem
731 3311 950 3412 scriptorum
987 3311 1224 3409 profanorum

52 3465 57 3472 ·
99 3458 218 3531 nuper
244 3457 451 3535 exegerunt.
501 3435 591 3514 Illos
624 3439 721 3513 enim
753 3437 885 3512 nimios
915 3462 992 3511 esse
1027 3437 1067 3510 in
1101 3441 1247 3520 studio

102 3559 366 3636 eiiciendorum
400 3591 421 3638 e
457 3561 503 3639 N.
534 3564 577 3642 Τ.
609 3567 900 3642 hebraismorum
932 3584 970 3638 et
1004 3565 1229 3650 revocandae

106 3685 280 3761 dictionis
305 3692 531 3792 scriptorum
550 3720 735 3771 sacrorum
759 3693 806 3767 ad
832 3717 1035 3766 sermonem
1060 3700 1230 3796 profano·

105 3841 204 3910 rum,
231 3815 388 3919 ideoque
412 3819 513 3894 baud
537 3849 617 3897 raro
641 3822 759 3899 verbis
780 3819 828 3896 N.
850 3820 895 3898 T.
918 3821 990 3898 rim
1015 3819 1167 3923 inferre,
1190 3851 1228 3905 et

106 3967 164 4036 ea,
198 3971 292 4044 quae
313 3973 356 4019 ex
379 3953 555 4025 arumnico
584 3949 732 4023 dicendi
752 3975 883 4050 genere
907 3949 964 4025 vel
982 3950 1072 4039 ¹sutis
1092 3953 1226 4031 intelli·
1247 3976 1251 3987 ·

104 4091 253 4168 gantur,
280 4073 339 4146 vel
359 4077 466 4150 unice
491 4078 685 4152 iudicanda
711 4079 801 4173 siut,
825 4079 1031 4181 insensum
1056 4106 1077 4151 a
1097 4083 1226 4159 nostris

101 4197 335 4295 scriptoribus
362 4205 517 4279 alienum
542 4229 725 4306 torquere,
751 4231 962 4307 persuasum
986 4203 1114 4281 babeo.
1147 4209 1227 4285 Ho-

100 4350 181 4395 rum
213 4325 324 4425 igitur
345 4331 495 4406 nimiam
523 4335 758 4408 subtilitatem
784 4345 900 4434 'aeque
937 4331 1119 4408 vitandam
1150 4364 1226 4417 esse

103 4473 210 4550 puto,
246 4484 287 4529 ac
316 4459 486 4569 istorum,
518 4489 609 4563 quos
639 4482 741 4536 autea
773 4459 914 4558 notavi,
949 4459 1127 4537 incuriam
1150 4469 1227 4544 veri

105 4607 189 4668 usus
214 4585 391 4694 loquendi
418 4611 453 4667 et
476 4612 750 4692 praeceptorum
775 4587 1098 4694 grammaticorum.
1147 4594 1227 4672 Fal,
