2648 5190
179 620 222 676 rt
378 598 576 676 sorrecis
601 628 625 677 s
650 625 912 683 rescrarrotta
936 628 977 679 us
1000 628 1105 693 surr.

846 298 956 358 eur!

181 788 297 867 aaliz·
310 786 418 862 etiam
434 782 714 867 concordandis
735 795 917 865 Trommii
938 790 1116 873 utendum
1137 770 1212 866 esse
1233 811 1306 862 oen

183 914 250 987 sui.
298 913 342 987 ln
367 916 552 1015 particulis
574 939 610 992 et
635 919 979 1021 praepositionibus,
1011 946 1033 994 a
1060 920 1250 993 Tromms'o
1289 955 1324 979 ›-

167 1045 306 1131 ;Bielio
333 1043 463 1145 [etiam
488 1072 509 1118 a
529 1049 783 1144 Sclrleusuero]
810 1069 948 1148 praeter
972 1074 1080 1146 quam
1103 1046 1156 1119 fas
1179 1065 1309 1119 estne

186 1160 331 1271 glanis,
358 1197 449 1271 quae
472 1172 628 1287 legendo
653 1173 890 1275 iampridem
914 1174 1134 1273 collegeram
1157 1173 1254 1272 ipse,
1280 1170 1323 1246 in

187 1326 295 1373 usum
314 1299 448 1374 vecari.
500 1302 691 1376 Caeterum
711 1303 751 1376 in
776 1300 962 1377 laudanda
987 1302 1150 1375 versione
1173 1301 1322 1402 alexan·

183 1423 291 1501 ‘drirm
317 1427 472 1522 (LXX,
503 1449 544 1515 ut
565 1429 750 1505 brevitatis
773 1429 885 1531 gratia
910 1421 1127 1530 plerumque
1149 1426 1320 1528 scripsi)

173 1574 326 1629 ¹textum
361 1553 564 1643 vaticanum
596 1544 740 1631 secutus
770 1582 868 1650 sum,
911 1585 932 1629 a
964 1559 1100 1633 Lamb.
1130 1561 1245 1635 Bosio
1270 1577 1323 1645 ¹et

189 1686 310 1760 Miltia
330 1681 496 1779 editum‚'
509 1710 552 1758 ex
570 1688 759 1759 Reinecoii
780 1682 941 1758 editione
956 1683 1155 1779 laudatum,
1181 1683 1319 1784 quipp

191 1836 285 1910 quae
311 1811 377 1906 iis,
415 1811 455 1884 ln
474 1796 648 1910 'quorum
676 1838 762 1886 usus
790 1811 938 1910 scripsi,
972 1812 1218 1913 inpromptu
1244 1836 1324 1913 essf

190 1938 314 2011 soleat.
369 1918 559 2025 Quartum¹
581 1940 716 2015 librum
749 1941 1069 2034 Maccahaeorum,
1112 1920 1177 2038 qui
1212 1938 1260 2011 eti
1307 1976 1312 2000 ι

192 2064 230 2138 ln
259 2064 432 2165 operibus
455 2067 568 2143 Flavii
589 2068 737 2170 losephi
761 2068 914 2169 legitur,
946 2064 1092 2145 laudavi
1115 2064 1312 2141 secundu

189 2204 328 2269 'textum
343 2199 575 2293 Breitingeri
598 2196 636 2275 ln
663 2195 826 2271 eiusdem
851 2193 1013 2269 editione
1032 2193 1206 2273 versionis
1220 2193 1306 2269 alex

194 2319 376 2397 andrinae.
415 2324 742 2423 Pseudepsgraplsu
762 2323 810 2416 V3
835 2322 901 2418 T.,
928 2348 948 2395 a
971 2320 1114 2396 nemine
1135 2322 1212 2395 sere
1233 2319 1306 2395 hac

193 2470 299 2525 tenus
317 2451 357 2527 iu
374 2479 480 2527 usum
499 2474 643 2548 rocam,
667 2451 737 2525 iam
760 2449 904 2552 pridem
929 2474 973 2524 eo
990 2446 1212 2550 perlegeram
1234 2475 1307 2525 con

197 2578 298 2674 silio,
328 2602 390 2676 ut,
422 2607 515 2681 quae
538 2579 626 2683 inde
653 2601 800 2683 possent
825 2578 940 2680 repeti
963 2575 1011 2649 ad
1036 2575 1184 2651 dicendi
1209 2602 1306 2677 genu

197 2703 243 2783 N.
268 2706 314 2782 T.
349 2707 606 2783 illustrandum
637 2730 675 2783 et
703 2734 757 2781 res
791 2707 887 2809 ipsas
918 2703 1167 2805 explicandas,
1208 2729 1251 2777 ex
1279 2703 1320 2776 ii

198 2833 416 2935 colligerem.
465 2834 513 2919 In
549 2836 682 2937 quibus
721 2862 805 2937 prae
838 2834 986 2913 caeteris
1014 2832 1109 2906 liber
1141 2832 1317 2906 Henocls'

200 2966 471 3052 Testamentum
490 2969 679 3063 duodecim
693 2964 1020 3050 Patriarchcrrsm,
1042 2982 1079 3034 et
1096 2959 1284 3053 Psalteriu

199 3091 407 3164 Salomonis
442 3105 564 3183 <toruo
598 3092 717 3194 primo
749 3089 898 3175 Codicis
922 3085 1241 3189 Pseudepigrapho
1297 3124 1316 3151 u

17 3300 18 3307 χ
132 3274 135 3278 <
200 3218 425 3320 Fabriciani)
457 3212 573 3294 multa
603 3217 693 3292 mihi
726 3220 1002 3319 praebuerunt„
1019 3242 1111 3317 quae
1141 3237 1182 3289 ut
1213 3236 1312 3288 trans

71 3455 73 3459 y
199 3346 442 3421 scriberentur
459 3345 565 3447 digna
580 3332 803 3433 videbanlur.
833 3343 920 3420 Vid.
935 3342 1203 3443 Αἰχμαλωσιά,
1226 3349 1315 3443 Γρα

76 3546 84 3562 ,
115 3514 119 3522 ·
200 3472 276 3574 φή,
307 3473 552 3577 Ἐγκράτεια,
582 3471 778 3566 Elateius,
808 3471 952 3574 θρόνος
972 3492 1040 3547 etc.
1078 3470 1209 3544 Flavii
1232 3475 1307 3544 Ios

193 3604 265 3699 pla·
286 3602 416 3696 libros,
450 3602 625 3702 equibus
650 3602 829 3675 Krebsiue
857 3600 969 3679 multa
997 3599 1070 3670 iam
1099 3596 1267 3675 hauserat
1290 3598 1318 3700 ³)

201 3730 392 3802 maximam
415 3752 552 3827 partem
575 3728 696 3824 denno
721 3727 856 3828 perlegi
881 3728 971 3827 ipse,
999 3752 1132 3824 eaque,
1158 3750 1320 3823 quaere

204 3878 240 3932 et
260 3858 366 3931 verba
391 3855 437 3931 N.
458 3857 502 3928 Τ.
529 3874 675 3958 possent
700 3856 908 3954 illustrare,
941 3852 1030 3926 huic
1056 3853 1153 3927 libro
1181 3852 1318 3925 inserui

202 3985 370 4057 Philam
391 4002 510 4058 autem
532 3985 685 4084 scripta,
709 4007 915 4084 quanquam
938 3979 1063 4055 ludaei
1087 4000 1123 4054 et
1144 4008 1229 4056 aevo
1246 3980 1319 4054 les·

201 4113 371 4222 proximi,
392 4134 476 4213 post
489 4117 729 4210 Loesnerum,
754 4094 1043 4208 Corpzouiuw)
1064 4108 1225 4208 aliosque
1242 4135 1311 4183 con

292 4441 327 4518 b)
347 4445 392 4501 lo.
407 4440 483 4511 Tob.
499 4441 627 4514 Krebss't'
640 4443 872 4521 observationes
888 4416 972 4502 5„th
988 4439 1023 4498 Τ.
1039 4460 1055 4499 e
1069 4437 1176 4501 Flavio
1193 4438 1318 4520 loseph·

209 4540 293 4636 lips.
315 4541 404 4620 1756.
429 4545 456 4603 8.

297 4646 333 4728 lt)
355 4642 531 4730 Clitistopb.
552 4647 634 4709 trie.
666 4646 829 4722 Loesrrert'
857 4646 1089 4712 observationes
1118 4644 1157 4717 sd
1186 4643 1223 4705 N.
1247 4641 1284 4709 Τ.
