2648 5190
13 36 931 399 -
1072 44 1080 113 ’

561 670 701 732 .·ίΝΑ
1146 668 1192 735 75

145 830 393 911 Ἀνοθάλλοι,
422 834 480 897 sut.
502 833 580 908 αλίί,
609 835 662 918 (ex
688 831 749 901 ἀντί
773 847 806 900 et
826 831 937 905 θάλλω
957 840 1116 923 germino,
1142 843 1193 904 vi·
1302 894 1307 907 .

62 923 167 1005 resco)
188 923 219 1004 r)
235 922 472 1004 progermino,
494 924 667 983 reviresco.
703 924 762 992 Sir.
786 921 836 999 46,
860 945 909 986 ιι.
931 928 982 1002 44,
1005 948 1051 989 ιο.
1071 931 1141 1009 Sep.
1159 932 1190 1006 4,
1284 977 1286 986 ,

60 1010 91 1068 4.
112 1043 157 1056 -
180 1012 214 1085 2)
235 1008 413 1083 transitive,
443 1011 590 1102 (ιηιιῑρη
612 1006 720 1069 Ezech.
747 1024 802 1088 17,
825 1011 893 1085 24.)
916 1010 1087 1092 produco,
1113 1012 1148 1076 v.
1163 1037 1189 1076 c.

57 1087 196 1174 ναρποάς
216 1092 275 1155 sir.
299 1096 354 1169 50,
378 1111 426 1155 ιο.
458 1078 684 1174 meiephorice:
713 1093 856 1171 largiter
872 1095 1024 1176 produco
1046 1099 1188 1181 aliquid,
1220 1118 1225 1143 ¹

58 1178 169 1260 efficio
191 1194 228 1238 ειτ
247 1180 309 1259 rit,·
333 1189 368 1239 ut
388 1173 578 1243 ἀναθάλλειν
599 1175 728 1264 εἰρήνην,
751 1179 897 1265 εὐλογίαν,
919 1185 1103 1247 felicitatem
1122 1189 1190 1247 effi·

59 1287 150 1342 cers,
172 1264 235 1326 sir.
263 1285 296 1340 ι,
320 1270 368 1327 18.
394 1284 451 1340 ιι,
472 1282 525 1327 22.
561 1264 598 1323 in
621 1266 657 1325 N.
674 1265 711 1325 Ἰ’.
730 1272 825 1327 semei
849 1268 925 1328 Phil.
943 1272 974 1345 4,
1000 1289 1044 1332 ιο.
1067 1269 1188 1338 ἀνεθεί-

61 1355 129 1421 less
148 1347 186 1414 τὸ
208 1344 286 1434 vissio
306 1350 379 1432 ἐμοῦ
397 1360 533 1432 φρονεῖν,
554 1353 758 1411 resuscitantis
779 1373 884 1413 curem
904 1357 975 1422 urei.

82 1484 89 1493 -
140 1429 298 1503 ’Aedes
305 1459 354 1518 μα
362 1478 371 1512 ,
399 1459 465 1513 τος,
493 1430 545 1512 τό,
569 1438 625 1512 (ab
653 1435 837 1522 ἀνατίθημι)
858 1440 891 1498 in
916 1441 1075 1503 codicibus
1096 1464 1188 1526 saepe

64 1544 136 1586 eum
156 1516 324 1606 ἀνάθημα,
352 1525 447 1602 (quse
470 1532 517 1582 est
535 1522 638 1584 forma
658 1526 768 1596 attice,
788 1519 934 1604 ἀνάθεμα
955 1547 1032 1588 vero
1053 1530 1189 1590 helleni·

60 1610 149 1670 stice.
194 1607 309 1669 Moeris
336 1599 427 1667 Attio.
455 1602 622 1690 ἀνάθρμα·
658 1606 792 1683 ἀπηνῶς.
827 1605 986 1693 ἀνάθεμα·
1021 1609 1190 1698 ἑλληνικῶς.

63 1694 133 1756 vid.
155 1695 251 1754 etism
272 1691 409 1756 Lobccd.
431 1693 470 1754 ed
492 1693 605 1774 Pbryn.
625 1716 655 1775 p.
671 1692 776 1773 249),
798 1702 1022 1759 cornuiutstur:
1046 1698 1085 1758 id
1103 1699 1194 1783 quod
1260 1726 1264 1741 ··

63 1782 136 1843 Deo
157 1776 353 1856 devovetur,
376 1764 566 1855 donarium,
587 1771 622 1842 τί
645 1773 869 1862 ἀνατιθέμενον
891 1782 934 1866 τῷ
953 1784 1035 1867 θεῷ,
1058 1796 1093 1847 ut
1113 1789 1189 1848 Sui·
1235 1822 1256 1866 ιΙ

64 1869 117 1929 das
147 1868 302 1945 explicet,
334 1873 420 1956 mi]
448 1864 675 1941 Hebraeorum,
703 1867 799 1927 Levit.
823 1886 879 1946 27,
900 1871 969 1944 28„
998 1868 1107 1943 τεάνίί
1134 1873 1190 1938 ἐὰν
1244 1900 1247 1907 ·

63 1952 207 2040 ἀνατεθῇ
235 1953 291 2012 sci.
318 1952 361 2032 τῷ
386 1946 496 2033 μυρίῳ,
528 1961 564 2010 ut
592 1952 707 2030 iegitur
733 1952 830 2012 Levit.
852 1970 909 2028 27,
932 1972 982 2033 29.
1026 1955 1078 2017 Sic
1107 1962 1188 2039 apud

61 2040 221 2122 profanos.
263 2037 299 2096 lu
327 2037 473 2097 versione
500 2036 705 2096 alexandrine
732 2056 808 2096 vero
835 2048 881 2097 est
901 2042 934 2116 o)
955 2062 1066 2103 eurum
1087 2055 1119 2106 et
1139 2066 1191 2112 et.

62 2135 206 2206 gentum,
230 2123 315 2182 bello
335 2132 475 2201 ceptum,
498 2131 648 2201 quatenus
670 2123 705 2180 in
726 2124 924 2183 tabernacuio
943 2147 1031 2186 secro
1049 2148 1192 2212 repone·

63 2211 180 2288 batur,
210 2210 306 2289 igitur
336 2206 515 2266 donarium
542 2209 561 2266 i.
586 2228 614 2286 q.
641 2201 811 2308 ἀνάθρμα,
841 2208 935 2268 Num.
958 2213 1012 2287 16,
1036 2214 1190 2300 37-39,

68 2297 124 2358 los
138 2314 166 2375 7,
185 2314 234 2355 11.
253 2312 303 2354 ιι.
320 2295 377 2372 23,
401 2295 454 2355 ubi
475 2293 635 2373 leguntur:
659 2292 711 2356 καί
729 2289 852 2376 ἐθηναν
865 2291 943 2357 uiui
964 2291 1066 2363 ’ἐναντι
1078 2306 1190 2386 νυρίον.

61 2383 136 2445 coil.
160 2401 188 2440 c.
204 2379 240 2455 6,
267 2399 314 2459 17.
340 2399 385 2459 19.
408 2380 459 2438 24.
479 2411 520 2425 -
541 2377 576 2456 b)
596 2377 744 2438 animalia
765 2379 950 2441 dicebantur
971 2377 1117 2467 ἀνάθεμα
1137 2412 1193 2455 νυ-

57 2461 724 2629 ‘253’diffiniit,dtiwffl'iss
742 2465 1192 2620 :iditit?.5.'i¹.'''.‘'.ii⁰³'⁷

215 2597 221 2610 ·
276 2596 283 2610 ·
397 2595 406 2612 ·
551 2594 558 2608 ·
626 2595 632 2610 ·
1098 2581 1108 2618 ι
1134 2581 1191 2622 cus

63 2640 232 2723 οζςὶιιοοίίτ
255 2649 285 2698 et
308 2639 346 2697 de
369 2595 493 2717 populis
516 2638 651 2712 dictum,
681 2635 814 2711 iudicet,
842 2658 894 2697 eos
917 2574 1087 2721 iutqcritui,
1117 2656 1191 2707 tan.

63 2716 162 2809 'qim
178 2726 318 2785 victimas
333 2725 485 2784 maximas
505 2721 572 2782 Deo
588 2721 768 2794 offerendus,
793 2742 859 2783 esse
879 2724 1060 2797 destinatos,
1082 2729 1139 2791 los.
1160 2732 1190 2808 6,

72 2830 123 2887 ι7.
147 2813 265 2870 18.2r.
287 2809 380 2869 Num.
394 2829 445 2882 ιι,
466 2828 494 2868 2.
514 2809 544 2868 3.
589 2808 668 2868 Hinc
692 2800 835 2888 ἀνάθεμα
857 2828 952 2867 omne
973 2809 1064 2893 quod
1081 2817 1189 2876 inter-

69 2897 137 2956 ἰεαί
159 2910 207 2954 est
224 2893 379 2955 deirorum
402 2895 489 2953 Dent.
514 2895 569 2968 13,
597 2912 642 2971 ι7.
670 2909 730 2968 20,
753 2911 800 2971 17.
832 2906 864 2955 et
882 2900 1025 2972 γίνεσθαι
1043 2895 1190 2982 ἀνάθεμα

72 2983 133 3042 ios.
151 2999 179 3059 7,
195 3000 239 3040 12.
259 2981 402 3043 interitui
417 2981 573 3040 destinari.
594 3013 636 3025 -
659 2979 799 3057 Denique
814 2979 846 3060 c)
859 2975 1105 3065 detestandum,
1127 2987 1189 3048 ab·

73 3064 306 3142 omittendum,
337 3067 426 3147 quis,
457 3087 534 3146 quae
566 3066 706 3126 interitui
729 3066 874 3125 destinate
895 3080 999 3142 erent,
1027 3074 1190 3159 attingere,

66 3155 186 3218 habere
202 3174 263 3214 non
284 3156 384 3214 licuit.
405 3153 467 3211 vid.
487 3152 574 3212 Dent.
591 3169 627 3228 7,
645 3151 697 3211 26.
716 3182 753 3197 ..
782 3149 860 3210 Hine
875 3150 908 3210 in
925 3153 961 3212 N.
975 3155 1012 3216 T.
1028 3152 1127 3220 ἀνάθ.
1147 3175 1188 3216 ex

67 3241 243 3304 hebraismo
263 3274 305 3287 -
332 3239 364 3317 ι)
381 3237 572 3318 piaculum,
603 3238 685 3317 qnod
706 3233 830 3296 otiorum
851 3236 922 3296 loco
945 3248 1076 3300 mortem
1095 3242 1187 3315 subit,

67 3328 157 3389 Rom.
180 3345 210 3402 9,
232 3326 260 3384 3.
283 3319 379 3388 ἀνάθ.
401 3322 476 3387 εἶναι
496 3323 560 3386 ἀπὸ
581 3325 635 3388 τοῦ
655 3320 787 3405 Χρστοῢ,
809 3341 827 3378 a
845 3323 912 3383 Iesu
928 3324 1024 3384 morti
1036 3324 1188 3387 destinari

65 3428 217 3493 teuqnem
238 3411 404 3493 piaculum.
429 3409 557 3485 (Ga1.3,
578 3410 624 3469 13.
643 3428 757 3487 ναιερα,
779 3405 838 3466 sir.
856 3408 906 3481 44,
924 3428 971 3488 ι7.
991 3405 1187 3496 ἀντάλλαγμα

64 3503 104 3562 in
129 3498 235 3559 eadem
258 3497 325 3557 iere
346 3497 516 3572 sententia,
538 3495 699 3554 stlsMecs
720 3507 767 3566 17,
783 3508 833 3552 22.
864 3490 994 3555 Eleszer
1014 3506 1047 3558 et
1068 3512 1189 3578 septem
1215 3558 1238 3583 x
1272 3500 1277 3516 '

28 3584 31 3589 ’
64 3589 185 3650 fratres
206 3583 299 3643 occisi
321 3580 488 3665 ἀντίψυχον
509 3582 560 3666 τῆς
579 3583 634 3646 τοῦ
656 3575 757 3649 1ε’ίνους
778 3570 927 3661 ἁμαρτίας
953 3581 1125 3659 dicuntur.)
1147 3615 1189 3630 -

69 3675 108 3748 2)
131 3665 407 3744 abonimandum,
430 3664 700 3727 detestandum
721 3663 789 3723 Cor.
809 3682 856 3738 12,
874 3665 904 3727 3.
926 3658 1190 3749 λέγειν-ἀνάθεμα

73 3753 285 3816 maledicere.
311 3754 378 3813 021.
400 3775 433 3831 1,
455 3758 483 3813 8.
507 3775 535 3833 9.
558 3747 691 3854 ἀνάθεμι
714 3743 806 3822 iosos,
830 3751 1011 3811 detestabile
1034 3753 1089 3829 sit,
1111 3755 1192 3813 diris

76 3844 117 3903 sit
139 3844 282 3902 devotus.
314 3861 325 3900 1
351 3838 421 3899 Cor.
450 3838 503 3914 16,
526 3858 575 3900 22.
597 3873 639 3884 -
653 3827 831 3915 αναθέματι
851 3833 1086 3916 ἀναθεματίζειν
1107 3835 1193 3898 diris

80 3925 259 3999 devocem
281 3927 347 3985 Act.
365 3927 415 4001 25,
434 3925 481 3986 ι4.
503 3918 666 4006 ἀναθέμεν
682 3917 946 4002 ἀνεθεματίσαμεν
960 3918 1094 4000 ἑαυτούς,
1107 3937 1191 4000 voto,

83 4013 161 4072 diris
178 4035 234 4073 nos
254 4012 444 4074 devovimus.
473 4010 542 4072 Vid.
564 4010 642 4069 Deo.
658 4023 708 4081 20,
734 4023 780 4081 ι7.
804 4007 869 4066 Lib.
888 4006 1027 4070 Henoch.
1047 4010 1191 4086 (Fabric.

85 4095 164 4159 cod.
182 4098 323 4178 Psendep.
344 4118 374 4177 p.
396 4102 482 4179 180.)
504 4094 759 4181 ἀνεθεματίσαμεν
778 4088 934 4174 ἀλλήλους.
957 4098 993 4173 ⁶.

166 4178 471 4263 Ἀμαθεμαιίζω,
500 4183 521 4242 f.
541 4179 595 4246 ἕνα)
631 4179 685 4257 (εί)
710 4171 872 4259 ἀνάθεμα,
901 4182 985 4260 quod
1009 4180 1088 4257 vid.)
1112 4181 1193 4242 Lxx

72 4291 141 4355 pro
162 4277 286 4355 misy,
308 4266 390 4329 diris
410 4267 578 4347 devoveo,
594 4256 689 4344 μενά,
711 4263 806 4324 Ναω.
828 4281 879 4341 21,
905 4283 934 4324 2.
956 4268 984 4325 3.
1010 4267 1066 4327 los.
1090 4267 1119 4344 6,
1144 4286 1194 4330 21.

76 4378 92 4419 1
125 4341 342 4427 sam.“15,3.
374 4376 387 4415 ι
414 4355 509 4417 idaco.
534 4352 624 4431 5,i.)
646 4381 689 4395 -
716 4344 824 4414 ἑαυτόν
849 4370 872 4410 s.
901 4347 1039 4427 ἑαυτούς,
1068 4363 1196 4434 quater,

71 4441 171 4504 Mero.
201 4443 249 4514 ι4,
275 4460 323 4519 7ι.
344 4436 456 4528 ἤρξατο
480 4436 705 4511 ἀναθαατίζεεν
726 4432 870 4516 (ἑαυτὸν)
890 4441 942 4504 καί
963 4435 1099 4520 ὀμνύναι.
1127 4444 1195 4502 Act.

74 4530 139 4606 23,
164 4545 214 4587 12.
240 4529 289 4585 ι4.
310 4545 360 4587 21.
389 4528 460 4591 vid.
473 4523 617 4602 Ἆναίθμα
636 4524 669 4580 in
688 4521 759 4580 fine.
782 4528 808 4580 ’-

151 4607 427 4693 Ἀναθεωρὲω,
448 4613 486 4688 ὤ,
509 4614 557 4675 sut
569 4605 638 4692 rico,
660 4608 714 4687 (ex
732 4598 792 4671 ἀνά
806 4618 837 4668 et
852 4602 991 4690 θεωρίαι)
1013 4607 1194 4691 diligenter

81 4698 233 4767 intueor,
253 4699 481 4781 contemplum
503 4696 586 4762 cedis
608 4700 672 4756 Act.
695 4693 820 4770 17,23.
842 4707 945 4757 mente
968 4695 1062 4758 Hebr.
1087 4699 1143 4774 ιδ,
1168 4717 1196 4776 7.

83 4784 185 4865 (bion.
207 4787 270 4847 Sic.
295 4804 346 4861 ιι,
370 4784 480 4865 15.)·.
