2648 5190
1166 54 1170 77 Ι

68 39 970 371 -
1165 84 1171 111 Ι

395 453 408 480 Ι
737 446 740 450 ¹
905 428 910 437 ι
1077 436 1080 441 .

343 566 504 636 ennean,
531 566 630 626 Quas
653 565 753 625 turso
782 549 1072 629 1283trnonur.
1165 532 1168 537 ¹

1208 576 1274 675 ,pv

248 727 408 802 'l'extum
442 756 611 829 graecum
645 727 692 802 N.
721 733 790 822 T„
827 727 891 829 qui
927 730 1157 804 Griesbaclrir'
1189 738 1276 825 cuia

141 853 301 955 prodiit,
336 858 475 958 quippe
505 852 686 960 oplimum
719 857 823 930 illum
851 877 893 931 et
922 882 942 929 e
965 856 1151 958 plerisque
1176 888 1274 937 nune

137 983 195 1089 N.
214 984 260 1056 Τ.
297 985 501 1060 editoribus
525 985 758 1088 adoptatum,
792 964 900 1059 unice
926 1005 1069 1059 secutus
1091 1013 1192 1082 sum,
1226 990 1271 1062 iis

133 1113 243 1206 locis,
284 1114 476 1213 equibus
508 1116 764 1189 Griesboclrius
794 1136 924 1191 vocem
956 1110 1117 1211 aliquem
1156 1116 1270 1213 eiece-

131 1263 206 1335 rat,
241 1241 357 1339 signis
387 1238 445 1314 his
479 1248 495 1335 [
530 1252 546 1337 ]
579 1243 838 1341 circumseptis.
889 1241 957 1315 Eas
989 1224 1109 1331 eutem
1141 1262 1263 1336 voces,

130 1360 220 1468 quas
247 1370 315 1443 ille
345 1396 415 1468 pro
445 1370 610 1467 genuinis
632 1368 953 1472 quidem'hubuit,
978 1390 1028 1459 ,at
1059 1368 1099 1444 in
1130 1390 1265 1446 textum

130 1523 207 1570 uon
232 1497 391 1593 recepit,
428 1496 493 1570 sed
519 1499 553 1574 ei
579 1500 741 1600 proxime
763 1497 936 1597 subiecit,
969 1523 1039 1570 suo
1061 1497 1146 1570 loco
1172 1519 1266 1573 cata·

68 1580 76 1645 l
128 1622 213 1720 logo
236 1625 498 1699 vocabulorum
519 1626 665 1705 inserui.
715 1626 819 1701 Idem
847 1625 920 1697 iam
948 1625 1082 1697 fecerat
1104 1627 1264 1699 Schleus·

125 1776 239 1822 uerus
271 1751 310 1822 iu
335 1738 496 1827 editione
532 1755 724 1832 norissima
757 1759 929 1852 (quarta)
958 1750 1084 1827 Lexici
1113 1750 1192 1846 sui,
1225 1774 1262 1828 at

128 1879 326 1952 nonnullae
354 1901 474 1956 tamen
497 1911 602 1959 voces
631 1884 676 1956 ab
701 1909 744 1958 eo
769 1880 1037 1980 praetermissae
1062 1877 1260 1961 hicacces·

128 2027 261 2097 serunt⁷
281 2029 322 2079 ut
340 2009 538 2110 Βαρύθω,
561 2013 700 2113 Γῆρος,
726 2007 829 2102 Δέος,
852 2005 1119 2106 Διεξὲᾳζομαι,
1142 2015 1258 2103 cloarc-

124 2132 270 2227 μασία,
295 2133 512 2233 'Exstat'vm'
528 2136 761 2240 Καρχηδών,
789 2133 1004 2236 Κλινᾰριον
1030 2157 1097 2215 ete.
1150 2118 1257 2236 Quae

116 2281 250 2334 eontra
272 2248 528 2341 &hleusnerur
564 2295 607 2343 ex
632 2251 728 2341 viria
758 2265 933 2357 lectione,
966 2292 987 2337 a
1018 2266 1255 2361 Griesboclrio

116 2389 296 2483 collecta,
327 2391 430 2492 operi
458 2423 523 2469 suo
551 2397 702 2469 inseruit
731 2391 932 2484 vocabula,
962 2418 1002 2464 ea
1031 2394 1253 2469 noncuravi

115 2539 161 2588 ut
176 2516 433 2621 Ἀναπρᾶσσω,
452 2523 685 2619 Αἰτιάομαι,
701 2518 923 2621 Διαρθρόω,
937 2516 1252 2609 Ἑντόνωςειο.-
1297 2532 1301 2541 ’

117 2643 281 2718 Nomina
313 2650 462 2748 propria
500 2652 712 2747 hominum,
752 2648 920 2740 urbium,
958 2647 1154 2721 fluviorum
1183 2671 1250 2726 etc.

113 2771 238 2846 abesse
260 2775 385 2869 nolui,
416 2806 464 2852 ne
496 2780 584 2853 huic
614 2782 711 2855 lilrro
742 2774 881 2877 aliquid
908 2773 1031 2847 deesse
1057 2774 1247 2858 videretur,

217 2901 451 3000 Singulorum
467 2898 577 3006 porro
594 2936 721 2983 vocum
742 2905 1021 3008 significationes
1041 2897 1244 2975 secundum

116 3053 215 3120 earu,
252 3057 357 3128 quam
388 3054 426 3106 et
455 3055 579 3108 nature
613 3037 665 3110 rei
693 3059 729 3109 et
756 3061 840 3108 usus
867 3030 1046 3131 loquendi
1070 3052 1244 3103 monstra·
1276 3060 1284 3083 ⁸

112 3176 208 3248 runt,
234 3157 362 3232 seriem
387 3158 570 3261 disposui,
595 3164 704 3237 simul
723 3183 853 3254 autern,
870 3182 922 3232 -ut
945 3164 1068 3232 sensus
1094 3186 1112 3229 a
1134 3142 1260 3257 signi·¹

107 3283 276 3357 ficatione
300 3287 388 3359 satis
409 3264 704 3389 distingueretur,
739 3291 931 3391 diligenter
954 3286 1087 3360 curavi.
1139 3286 1239 3361 Hinc

105 3410 265 3481 monitus
286 3412 333 3486 sit
364 3414 481 3491 lector
500 3421 722 3519 benevolus,
754 3422 852 3519 signa
872 3441 1106 3489 numerorum
1135 3426 1185 3506 (ι.
1204 3439 1237 3490 2.
1291 3492 1295 3499 ,

103 3542 156 3622 5·)
178 3542 487 3635 significationes,
506 3571 632 3622 eontra
654 3574 739 3622 vero
758 3547 878 3620 literas
904 3545 1032 3617 latinas
1051 3542 1242 3622 minuscu-⁴

102 3665 155 3736 las
181 3677 230 3755 (a.
246 3668 349 3765 b.·c.)
370 3700 477 3746 usum
500 3698 536 3749 et
556 3676 692 3749 varium
715 3702 859 3750 sensum
885 3672 983 3750 vocis
1008 3669 1180 3745 iudicare.

206 3793 312 3866 lllud
333 3801 496 3876 omnium
519 3802 673 3877 maxime
699 3803 841 3894 ¹curavi,
874 3823 914 3873 ut
939 3798 1117 3897 loquendi
1145 3825 1231 3871 usus

104 3920 142 3989 iu
168 3919 215 3994 N.
235 3920 283 3994 T.
309 3924 415 3998 libris
438 3930 569 4003 obvius
599 3951 677 4004 tum
709 3958 752 4005 ex
783 3930 944 4029 ipsorum
970 3927 1149 4000 librorum
1173 3925 1229 4011 in-

101 4045 206 4138 dole,
241 4071 321 4122 tum
349 4080 392 4128 ex
426 4057 586 4131 Iudaicis
625 4058 882 4160 scriptoribus,
922 4084 1008 4132 aevo
1038 4053 1227 4129 servatoris

99 4175 296 4271 proximis,
329 4180 577 4260 illustraretur.
632 4185 752 4273 Quare
786 4212 870 4284 prae
901 4183 1048 4258 caeteris
1076 4179 1224 4255 ·c0utuli

94 4291 299 4378 versionem
325 4311 367 4382 V.
391 4311 434 4384 T.
463 4313 728 4386 alexandrinam
754 4313 934 4410 simulque
966 4313 1079 4385 libros
1106 4312 1150 4384 V.
1175 4312 1221 4383 T.

90 4433 321 4532 apocryphos
336 4459 371 4509 et
387 4440 718 4540 pseudepigraphos
734 4461 769 4514 et
782 4440 898 4514 Flavii
912 4439 1058 4540 losephi
1077 4439 1219 4538 scripta.

94 4555 139 4630 ln
163 4562 387 4640 conserenda
411 4568 573 4642 versione
596 4569 826 4642 alexandrina
848 4589 990 4669 praeter
1012 4565 1217 4642 thesaurum
