2648 5190
1141 620 1186 690 Τί

53 802 152 854 antes
178 811 244 853 non
274 791 383 856 sdfnit.
426 791 519 875 Apud
545 802 670 857 nostros
695 813 762 859 non
789 791 854 856 nisi
880 789 916 856 in
943 792 1034 860 Psutt
1059 798 1186 880 scripti·

51 879 190 959 legitur,
211 880 265 939 ubi
287 878 421 963 metaph.
442 889 505 943 est:
526 892 645 943 nov'uns
664 879 825 943 bominem
843 879 928 956 (col.
946 870 981 963 3,
998 885 1071 961 to),
1092 905 1186 965 quens

49 966 230 1047 spiritnss.
250 966 383 1046 formet,
413 967 433 1028 i.
456 988 483 1025 e.
504 975 638 1029 mentem
659 986 774 1029 novam
793 976 826 1027 et
844 970 880 1028 in
900 966 1013 1039 meiius
1033 980 1184 1033 mutatam

50 1053 200 1133 μίμνετε,
220 1063 378 1112 nostrum:
401 1049 593 1133 aufbilden,
616 1072 635 1112 2
651 1050 721 1114 Cor.
738 1054 768 1130 4,
793 1050 841 1112 16.
863 1042 1021 1120 ἀέοοίθεν
1037 1051 1186 1140 (ἀνθρω-

49 1137 130 1214 πος)
160 1134 394 1218 ἀνακαινοῦται,
423 1138 563 1219 quotidie
593 1140 705 1205 crescit
732 1138 925 1220 cognitione,
961 1142 1089 1219 virtute,
1118 1163 1182 1224 spe.

52 1224 126 1289 cot.
146 1224 189 1299 5,
214 1243 262 1284 10.
292 1219 544 1309 ἀνακοινούμενος
567 1226 612 1300 είς
636 1225 949 1317 ins'ysuowpunctns
968 1227 1108 1308 qnotidie
1129 1250 1185 1290 co-

54 1308 209 1397 gnitione.
230 1309 303 1370 coll.
326 1309 404 1393 pr
426 1312 457 1386 4,
477 1311 529 1371 55.
550 1314 576 1373 *.
778 1348 785 1357 -
834 1318 837 1323 '
895 1350 907 1381 ,-

137 1393 432 1476 Ἀνακαίνοιονς,
454 1419 527 1472 suc,
549 1391 588 1473 si,
609 1395 664 1476 (sb
681 1387 869 1473 ἀνακαινάα,
889 1392 974 1478 quod
992 1395 1081 1475 vid),
1099 1398 1186 1480 qnod

52 1504 124 1545 non
144 1481 207 1543 nisi
224 1482 307 1564 apud
328 1482 457 1544 Paulum
475 1484 653 1558 invenitur,
673 1481 885 1562 metaphorice
907 1491 968 1542 est:
991 1484 1187 1564 conforma·
1217 1500 1219 1505 ·

47 1570 125 1643 sto,
153 1568 302 1628 nimirum
324 1569 400 1629 novi
418 1567 572 1645 bominis,
599 1588 692 1649 quem
717 1567 843 1650 spititus
863 1586 887 1626 s.
906 1568 1024 1632 formet
1043 1572 1077 1631 iu
1100 1571 1188 1632 cbri-

52 1653 185 1729 stisnis,
206 1654 228 1713 i.
242 1674 268 1713 e.
290 1644 442 1735 inpientis
462 1664 495 1715 et
509 1654 672 1759 probitate
693 1673 747 1714 eos
766 1653 888 1716 imbuit.
908 1651 998 1715 Rom.
1017 1675 1065 1731 12,
1082 1674 1111 1717 2.
1132 1681 1189 1738 pe·

53 1739 296 1825 ταμομφοάσθαι
313 1740 350 1825 τῇ
367 1736 565 1805 ἀνακοινωσει
591 1740 647 1805 τοῦ
664 1733 747 1817 νοός,
775 1739 890 1799 mutari
917 1741 954 1799 in
976 1743 1086 1803 melius
1109 1763 1187 1803 con-

55 1825 249 1890 formatione
270 1826 392 1886 mentis.
422 1825 485 1886 Tit.
507 1827 546 1903 5,
564 1824 592 1885 5.
620 1822 750 1908 λουτρὸν
769 1819 995 1903 ἀνακαινώσεως
1019 1829 1074 1892 τοῦ
1091 1823 1186 1892 asst-
1248 1823 1255 1839 ’

54 1935 151 1998 ματος
173 1904 240 1993 ἀμ,
266 1911 412 1990 bstneusn
433 1932 495 1991 quo
516 1931 573 1991 per
591 1913 740 1993 spiritum
757 1930 782 1972 κ.
803 1932 904 1974 novus
921 1910 1016 1975 bomo
1040 1915 1075 1976 in
1094 1915 1187 1975 nobis
1299 1938 1304 1949 ·

55 2002 222 2063 sumetur.
239 1997 316 2056 coli.
340 1996 383 2056 Io.
405 1998 436 2074 5,
458 1998 487 2058 5.
507 2003 532 2056 *.

137 2076 443 2156 Ἀνακαλάεττω,
465 2083 523 2144 sut.
544 2101 614 2164 ψει,
633 2083 691 2158 (ex
712 2075 775 2148 ἀνά
796 2093 829 2144 st
848 2077 1005 2163 καλύπτει)
1025 2082 1185 2167 LXXpro

60 2168 136 2247 nti,
167 2167 326 2228 velamen
347 2167 501 2241 retraho,
531 2166 664 2241 revelo,
692 2166 820 2247 detego.
851 2168 943 2231 Dent.
966 2187 1026 2248 22,
1046 2172 1097 2232 5ο.
1126 2171 1184 2234 tes.

63 2238 175 2333 iy'Jb.
211 2254 348 2334 'l'ropice
370 2256 409 2316 de
430 2254 613 2316 intellectus
633 2256 718 2336 qussi
739 2256 910 2332 velamine,
938 2274 960 2318 2
981 2255 1052 2317 Cor.
1075 2276 1112 2335 2,
1135 2259 1185 2318 tls.

64 2338 98 2407 τά
113 2336 259 2422 κάλυμμα
280 2338 322 2422 μὴ
342 2335 645 2422 ἀνακαλυπτόμενον,
667 2342 810 2403 velamen
832 2363 896 2404 non
917 2351 1085 2403 retractum
1092 2342 1143 2419 „i.
1158 2360 1187 2402 ε.

58 2428 239 2533 ipnorsntia
257 2447 329 2496 non,
341 2428 461 2488 subiate
476 2436 530 2487 eet
556 2427 632 2487 ibid.
647 2446 727 2490 vers.
743 2429 792 2487 18.
812 2424 1081 2510 ἀνακεκαλυμμένῳ
1095 2450 1188 2512 προς-

55 2536 140 2596 ιετφ,
162 2513 289 2574 detecta
310 2512 388 2573 t'acie
401 2512 497 2593 ⁵(coll.
517 2533 597 2574 vers.
614 2512 677 2590 13.)
696 2514 718 2573 i.
733 2535 759 2573 ε.
782 2515 849 2575 sine
867 2516 1102 2604 impedimento,
1121 2515 1190 2574 cle-

57 2602 191 2671 riuisne.
215 2599 255 2658 ci.
273 2596 334 2659 lob.
350 2600 401 2675 55,
420 2599 467 2659 56.
490 2596 545 2658 Ιεε.
567 2613 618 2674 22,
639 2599 686 2658 14.
709 2598 787 2658 Τοί).
807 2617 855 2676 12,
871 2620 900 2679 7.
923 2601 1011 2662 Prov.
1026 2619 1078 2678 20,
1092 2616 1144 2661 22.
1159 2605 1186 2658 *.

10 2714 17 2727 ‘
96 2678 108 2749 f
136 2677 412 2766 Ἀνοκάμπτω,
441 2685 498 2745 snt.
522 2706 589 2766 ψει,
620 2685 677 2763 (ex
704 2679 763 2748 ἀνά
794 2694 824 2746 et
852 2680 997 2768 κάμπτω)
1024 2686 1123 2767 (quod
1150 2687 1204 2751 in.

62 2770 145 2835 HK
165 2790 248 2831 vers.
269 2773 405 2831 maxime
422 2770 511 2832 hebr.
531 2781 592 2835 :itt
610 2769 794 2850 respondet)
819 2772 851 2850 1)
872 2773 1015 2845 reflecto,
1043 2790 1187 2833 recurvo.
1211 2777 1214 2781 ’

13 2948 17 2963 ·
64 2857 397 3005 ..κενου
416 2855 911 3020 stet.
937 2853 1186 3003 titus

194 2962 767 3021 ,·er.1,.u.1,.
854 2962 1039 3020 e.1,.
1126 2963 1188 3001 s.

71 3030 109 3104 8,
129 3024 176 3104 8.)
197 3061 238 3074 -
265 3026 339 3087 Luc.
365 3045 419 3102 10,
441 3028 470 3089 6.
500 3029 539 3089 de
567 3028 601 3089 vi
630 3028 855 3089 benedictionis
871 2964 924 3089 gud
949 3027 1189 3090 benedicentem

65 3112 224 3175 redeunte.
245 3113 284 3174 os.
303 3113 359 3173 les.
381 3113 431 3189 55,
455 3134 502 3175 ιι.
521 3117 547 3170 “.

145 3193 388 3277 Ἅνάκειμαι,
407 3200 529 3281 imperf.
551 3196 657 3280 (semel
672 3198 777 3259 Mettb.
791 3196 842 3275 26,
858 3194 921 3279 20.)
944 3193 1110 3282 ἀνεκείμην,
1129 3197 1188 3276 (ex

59 3276 120 3347 sissi
138 3292 172 3343 et
194 3287 311 3366 κεῖμαι)
336 3284 368 3363 t)
388 3304 493 3364 propr.
520 3293 640 3344 erectus
659 3285 738 3346 sitns
756 3294 846 3361 sum3'
866 3318 906 3332 -
927 3286 1082 3364 repositus
1102 3304 1192 3363 snmp

57 3366 175 3452 [bisne.
200 3371 235 3445 5,
256 3369 323 3452 4ο]
346 3368 479 3451 (ioseph.
503 3380 566 3431 ent.
587 3368 624 3446 5,
647 3387 673 3427 1.
697 3387 725 3445 7.
746 3366 767 3452 ἧ
785 3365 887 3454 γραφὴ
907 3370 941 3434 ἀν
958 3370 1003 3451 τῷ
1022 3370 1093 3454 ἱερῷ
1112 3366 1189 3432 ἀνα-

54 3456 192 3537 κειμένη.
236 3453 364 3516 Proisni
392 3456 432 3516 de
461 3453 598 3518 donariis
627 3465 659 3514 ct
680 3458 811 3535 stetuis.)
831 3487 876 3501 —
896 3455 931 3532 2)
952 3455 1036 3535 spud
1058 3456 1188 3517 seriores

53 3542 230 3620 scriptores
256 3541 443 3622 (Phrynicb.
465 3563 494 3620 p.
517 3542 606 3603 216.=
637 3533 796 3606 ἀνάκειται
821 3541 875 3604 isti
897 3542 949 3627 τῆς
970 3540 1071 3623 κλίνην
1090 3534 1190 3601 uisite

53 3623 160 3700 καλῶς
190 3626 280 3733 ipsit,
308 3624 386 3694 ἀλλά
415 3631 547 3704 scitoto:
581 3623 741 3686 accumbo
762 3626 935 3708 (intelliget
964 3627 1004 3688 sd
1026 3622 1190 3701 mensum),

59 3712 101 3773 de
129 3710 192 3784 iis,
218 3712 273 3787 qni
298 3732 391 3773 more·
414 3723 557 3773 veterum
585 3713 619 3772 in
645 3713 736 3773 lentie
756 3713 969 3774 triclinsribsss
989 3705 1028 3765 sd
1050 3727 1190 3767 mentem

65 3794 308 3869 incumbebant,
332 3794 443 3858 unni
465 3794 517 3872 25,
539 3812 568 3873 7.
588 3812 638 3856 20.
661 3798 758 3866 Maro,
782 3801 832 3876 ιο,
855 3801 899 3859 18.
926 3788 974 3863 16,
1001 3792 1050 3849 54.
1070 3792 1113 3852 Ιο.
1140 3791 1190 3868 55,

66 3882 120 3940 55.
141 3880 178 3957 (5
192 3876 278 3939 Esdr.
299 3877 328 3953 t,
350 3896 395 3939 ιο.
417 3877 526 3959 Polyb.
550 3881 599 3958 55,
622 3881 651 3943 6.
672 3885 817 3959 Αῑίιεομε
836 3895 865 3956 7,
886 3874 940 3936 35·
961 3877 1028 3951 58·)
1048 3908 1090 3923 -
1110 3896 1193 3936 oon-

70 3965 189 4035 vs'uor,
214 3960 345 4046 epulor,
376 3962 484 4024 ttsuh.
507 3986 542 4046 9,
565 3985 613 4028 ιο.
640 3966 714 4037 Luc.
740 3989 777 4050 7,
798 3963 850 4039 37·
877 3992 923 4012 --
952 3956 970 4024 ὅ
993 3960 1191 4044 ἀνακείμενος,

68 4048 235 4124 convica,
256 4049 362 4110 bietth.
385 4069 435 4124 22,
459 4067 506 4111 ιο.
532 4071 579 4111 11.
601 4051 674 4115 Luc.
695 4074 746 4124 οε,
769 4066 818 4124 27.
840 4042 883 4106 io.
904 4045 952 4121 13,
974 4047 1025 4106 28.
1044 4050 1086 4106 t'.

159 4127 489 4216 Ἀνακεφαλαιόω,
523 4132 562 4207 ὥ,
591 4139 649 4191 fut.
675 4125 759 4210 ώσω,
789 4132 846 4210 (ex
875 4124 935 4195 ἀνά
965 4141 996 4191 et
1025 4129 1192 4214 κεφαλαίω)

68 4216 106 4299 2)
128 4215 165 4277 in
185 4237 281 4279 unum
299 4230 390 4301 ceput
408 4219 531 4299 redigo,
551 4235 711 4293 summam
732 4219 784 4276 rei
801 4232 916 4298 repeto
936 4238 960 4278 s.
980 4220 1193 4301 comprehen-

62 4305 114 4366 do
122 4324 139 4381 ,·
160 4302 218 4363 icls
239 4304 457 4386 recapitulire.
500 4304 553 4363 Sic
576 4304 697 4384 saepius
718 4302 756 4363 de
778 4305 952 4366 oratoribus
973 4326 1121 4364 summam
1144 4306 1193 4365 rei

49 4397 97 4454 'iss
122 4392 279 4453 cretionis
299 4391 358 4452 fine
378 4391 597 4473 repetentibus.
633 4387 802 4467 (Quinctil.
824 4391 860 4464 6,
885 4410 929 4450 s.:
949 4411 1080 4465 „rerum
1104 4411 1194 4472 repe-

60 4480 137 4540 titio
160 4489 194 4538 et
214 4477 420 4557 congregatio,
444 4476 523 4554 tjnee
545 4474 668 4532 Graeci·
689 4470 945 4556 ἀνακεφαλαίωσις
964 4476 1129 4556 dicitus.“)
1150 4506 1193 4523 -·

63 4570 100 4641 2)
122 4560 425 4643 ἀνακεφαλαιοῦμαι,
451 4557 727 4642 comprehendor,
757 4564 791 4621 in
817 4581 910 4621 unum
937 4563 1023 4640 quusi
1045 4582 1128 4638 rem,
1157 4566 1194 4620 τίι

67 4671 163 4709 ussum
185 4663 298 4730 caput
318 4648 512 4727 recolliget,-
535 4645 622 4706 Rom.
650 4646 703 4721 ι5,
726 4667 755 4724 9.
778 4649 817 4707 de
838 4647 955 4727 legibue
978 4646 1108 4707 diversis
1131 4669 1193 4708 una

68 4741 177 4799 enoris
208 4734 318 4797 mutui
344 4735 410 4816 lege
438 4732 681 4814 comprehensis,
714 4730 794 4813 Epis.
817 4754 850 4809 1,
875 4752 922 4793 10.
957 4731 1136 4793 deluditis
1161 4747 1194 4794 et
