2648 5190
70 39 976 341 -
1220 40 1226 79 ¹

344 540 504 610 raram,
530 537 752 599 quantana
781 521 1072 601 nasamonas.
1207 580 1212 589 .
1242 546 1274 595 .v

249 700 409 775 Textum
442 728 611 802 graecum
645 700 693 775 N.
721 705 790 794 T„
827 698 891 801 qni
927 701 1157 775 Grieabaeltii
1189 730 1276 785 cun

140 826 303 927 prodiit,
337 832 475 932 qnippe
505 828 686 933 opiimum
719 830 824 902 illum
851 849 893 903 ·et
922 828 1151 929 aplerisque
1176 859 1274 907 nune

136 955 197 1062 N..
216 957 262 1029 T.
300 958 501 1033 editoribus
526 958 759 1061 adoptatum,
792 934 901 1031 tiniae
926 977 1069 1031 secutus
1091 985 1192 1053 sum,
1226 960 1271 1032 iis

133 1085 244 1178 locis,
285 1112 307 1158 e
344 1086 476 1185 quibus
509 1089 765 1161 Griesboclrirn
794 1108 924 1163 vocem
956 1082 1117 1183 aliquam
1157 1087 1271 1179 eiece-

132 1235 208 1307 rat,
242 1213 358 1311 signis
389 1211 446 1286 his
480 1220 496 1307 [
531 1225 547 1310 ]
579 1215 838 1314 circumseptis.
890 1213 957 1287 Eas
990 1196 1110 1302 antem
1142 1238 1275 1307 vocet,

131 1340 221 1441 quas
247 1342 315 1415 ille
346 1368 416 1440 pro
445 1343 611 1440 genuinis
634 1340 954 1444 quidenr'habuit,
979 1361 1028 1431 ,at
1059 1340 1099 1415 in
1130 1362 1266 1417 textum

132 1495 208 1543 non
232 1470 392 1566 recepit,
429 1469 495 1543 sed
521 1472 555 1547 ei
580 1472 742 1573 proxime
764 1469 937 1569 subiecit,
971 1495 1040 1542 auo
1062 1469 1147 1542 loco
1173 1490 1267 1545 eata·

70 1572 78 1637 l
131 1595 213 1694 logo
236 1598 499 1673 vocabulorum
521 1599 666 1675 inserui.
716 1598 820 1673 Idem
848 1597 921 1669 iam
950 1597 1083 1669 fecerat
1105 1599 1265 1671 Scaeua-

126 1748 239 1795 rrerua
270 1725 310 1796 iu
336 1711 498 1800 editione
534 1728 725 1804 norissima
758 1732 931 1825 (quarta)
959 1723 1085 1799 Lexici
1115 1724 1193 1818 sui;
1227 1746 1263 1800 at

131 1852 327 1925 nonnullae
355 1874 476 1929 tamen
499 1884 604 1932 voces
632 1857 677 1929 ab
702 1882 746 1931 eo
770 1854 1038 1954 praetermissae
1063 1850 1124 1925 hic
1144 1878 1261 1926 acces·

132 2000 262 2070 serunt,
282 2003 324 2052 ut
342 1983 540 2083 Βαρύθω,
563 1986 702 2086 Γῆρος,
728 1981 831 2074 Δέος,
854 1979 1120 2080 Διεξὲαομαι,
1144 1988 1259 2057 Aona·

127 2105 271 2200 μασία,
296 2106 514 2206 'Ratiaria'
530 2109 764 2213 Καρχηδών,
783 2107 1006 2209 ΙΚλιιράριον
1032 2131 1099 2187 ete.
1152 2116 1258 2210 Quae

117 2254 249 2307 contra
273 2216 530 2314 Schleroenerier
566 2268 609 2315 ex
635 2224 730 2313 varia
760 2238 935 2330 lectione,
968 2266 988 2310 a
1020 2240 1256 2335 Grieabaclrr'o

117 2362 298 2456 wllrcm,
329 2364 432 2466 ope‘ri
460 2395 526 2442 suo
554 2370 704 2443 inseruit
733 2364 933 2458 vocabula,
964 2391 1004 2437 ea
1033 2392 1108 2439 nou
1132 2368 1255 2443 curavi

117 2512 161 2561 ut
175 2489 435 2594 Ἀναπρᾶσσω,
455 2496 688 2592 Αἰτιάομαι,
703 2492 924 2595 Διαρθρόω,
939 2490 1116 2583 Ἐντόνως
1125 2515 1254 2568 etc.-
1300 2507 1303 2515 '

120 2615 282 2691 Nomina
315 2623 464 2721 propria
503 2625 714 2720 hominum,
754 2622 922 2714 urbium,
960 2620 1156 2695 fluviorum
1186 2645 1252 2700 etc.

115 2744 237 2819 abesse
260 2747 387 2842 nolui,
418 2778 466 2824 ne
498 2752 587 2827 huic
616 2755 713 2827 libro
744 2748 883 2850 aliquid
910 2747 1033 2821 deesse
1059 2747 1249 2831 videretur.

217 2874 453 2973 singularum
469 2874 580 2979 porro
596 2909 724 2956 vocum
744 2878 1022 2982 significationes
1043 2870 1245 2948 secuudum

117 3026 216 3094 eam,
254 3028 359 3101 quam
389 3026 426 3078 et
456 3029 581 3081 natura
615 3011 667 3083 rei
696 3032 731 3084 et
758 3035 842 3082 usus
869 3004 1048 3105 loquendi
1072 3025 1245 3076 monstra·
1277 3036 1285 3057 ν

112 3149 207 3221 runt,
234 3129 363 3204 seriem
389 3131 572 3234 disposui
597 3138 855 3228 simulantem,
882 3155 924 3206 ut
946 3137 1069 3206 sentus
1095 3116 1261 3230 asigniss

106 3255 277 3330 ficatione
301 3259 390 3332 satis
411 3238 706 3362 distingueretur,
741 3265 932 3365 diligenter·
956 3259 1088 3334 curavi.
1141 3259 1240 3335 Hinc

105 3383 265 3455 monitus
286 3386 336 3458 sit
365 3388 483 3464 lector
508 3394 724 3483 benevolus,
756 3395 853 3492 signa
874 3415 1107 3463 numerorum
1136 3400 1186 3480 (ι.
1205 3413 1238 3464 a.
1292 3467 1296 3473 ,

102 3515 155 3596 5·)
177 3515 489 3608 rianficattmoes,
507 3544 633 3596 contra
655 3549 740 3595 vero
759 3521 879 3593 literas
905 3519 1033 3591 latinas
1052 3516 1236 3588 minuscu-

102 3639 155 3710 las
181 3650 231 3728 (a.
246 3641 282 3714 b.
296 3649 350 3737 e.)
371 3673 479 3719 usum
502 3670 538 3722 et
558 3649 693 3723 varium
716 3675 860 3748 sensum
886 3645 984 3723 vocis
1009 3643 1181 3719 iudicare.

207 3766 313 3839 lllud
334 3774 497 3849 omnium
520 3776 674 3851 maxime
700 3775 842 3867 curavi,
875 3796 915 3847 ut
940 3772 1117 3871 loquendi
1148 3800 1231 3845 usus

105 3893 144 3963 in
169 3892 216 3969 N.
236 3893 284 3967 T.
309 3897 416 3972 libris
439 3903 570 3977 obvius
600 3925 678 3978 tum
709 3931 753 3978 ex
784 3903 945 4002 ipsorum
971 3901 1149 3974 librorum
1175 3900 1230 3973 in·

102 4018 208 4112 dole,
242 4044 321 4095 tnm
349 4054 392 4102 ex
427 4030 587 4105 Iudaicis
626 4031 883 4133 scriptoribus,
923 4058 1009 4106 aevo
1039 4028 1227 4103 servatoris

100 4148 297 4245 proximis,
330 4153 578 4232 illustraretur.
632 4158 753 4246 Quare
787 4186 870 4258 prae
902 4158 1049 4232 caeteris
1076 4154 1225 4229 contuli

95 4264 299 4352 tersionem
324 4285 366 4356 V.
391 4285 435 4358 T.
464 4285 728 4358 alexandrinam
754 4287 935 4384 simulque
952 4287 1080 4359 ⁴lilsros
1107 4286 1151 4358 V.
1176 4285 1222 4356 T.

91 4407 319 4506 apocryphos
335 4434 369 4483 et
386 4413 718 4513 pseudepigraphos
734 4435 769 4487 et
782 4413 898 4487 Flavii
913 4413 1058 4513 losephi
1078 4412 1221 4511 scripta.

94 4529 136 4604 ln
161 4536 386 4614 conserenda
412 4540 573 4614 versione
596 4542 826 4615 alexandrina
847 4563 991 4643 praeter
1012 4539 1219 4616 dresaururn
