2648 5190
215 662 240 729 2
611 659 943 733 Aer-'Ara

297 826 513 919 Ἀβιάθαρ,
542 824 576 911 ὅ,
604 829 793 907 Abiathor,
822 832 1059 931 1ιι1ιι.ἢιγξᾏιξ,
1089 796 1206 900 nomen
1236 857 1317 923 prop

218 920 371 983 indeclin.
392 921 564 983 cacerdotie
578 921 692 983 cummi
707 918 907 997 ludaeorum,
927 921 967 980 de
987 920 1051 1001 quo
1071 923 1137 988 vid.
1162 943 1175 984 1
1192 923 1276 986 Sam.
1292 942 1310 987 ο

91 1028 96 1039 ·
220 1027 271 1071 οι.
291 1040 335 1055 -
360 1004 434 1073 Ἐπὶ
450 999 606 1111 Ἀβιάθαρ
628 1006 724 1068 Marc.
740 1024 772 1081 2,
792 1005 860 1068 26.:
883 1019 1033 1085 tempore
1053 1006 1249 1069 Abiatlaori.

301 1089 509 1178 Ἀβγλιγγη,
531 1092 583 1176 ἧς,
604 1086 642 1173 ἦ,
662 1092 711 1171 (in
732 1090 822 1153 codd.
844 1093 936 1152 etiam
952 1089 1089 1179 Ἀβιλίιη
1111 1106 1142 1157 et
1162 1088 1291 1181 Ἀβιλιᾶ

218 1176 385 1251 Abilene,
411 1179 497 1260 regio
519 1177 630 1257 Syriae
649 1179 734 1239 iuter
756 1174 910 1240 Libanum
932 1189 964 1238 et
984 1178 1174 1243 Hermonem
1199 1184 1275 1257 rita,
1298 1203 1313 1241 a

218 1267 377 1347 appellata
406 1266 445 1327 cb
471 1265 568 1326 Abela
588 1265 681 1340 urbe,
709 1284 805 1343 quae,
833 1273 871 1325 ut
891 1264 930 1325 ab
950 1264 1020 1325 aliia
1047 1267 1184 1337 einedem
1206 1268 1315 1329 nomin

218 1354 347 1417 urbibus
367 1349 502 1432 (ioseph.
518 1360 579 1410 cut.
595 1354 625 1424 4,
646 1354 676 1411 8.
701 1367 727 1410 ι.
753 1348 782 1423 5,
804 1368 830 1409 ι.
853 1351 897 1429 ι.)
916 1349 1162 1430 discerneretur,
1184 1353 1315 1414 diceban

212 1436 318 1525 Ἀβίλη
339 1432 360 1519 ι)
384 1438 559 1512 Λυοοιὶου,
584 1433 691 1498 Abala
710 1434 880 1516 Lysaniae
899 1432 1035 1518 (Ioeeph.
1056 1450 1118 1498 cut.
1140 1458 1187 1521 19,
1207 1438 1236 1501 5.
1263 1460 1289 1501 ι.
1320 1482 1324 1491 .

218 1542 272 1602 uo,
287 1543 314 1599 7.
333 1522 376 1602 ι.)
398 1528 568 1603 Acceperat
583 1523 678 1599 enim,
694 1521 883 1584 tetrarchiae
896 1524 1033 1599 uomioe,
1052 1526 1160 1586 urbem
1175 1526 1306 1587 circumi

217 1619 402 1690 ceutcmqua
428 1608 587 1689 regionem
612 1608 778 1691 Lysanios
801 1608 944 1689 quidam,
974 1607 1164 1695 Ptolemaei,
1194 1611 1316 1692 dyuaet

218 1695 394 1771 chalcidio,
414 1694 497 1755 filiun
511 1691 647 1773 (loseph.
663 1704 727 1759 ant.
746 1696 796 1769 re,
810 1690 839 1772 7.’
859 1694 889 1753 4.
909 1694 1084 1771 ib.15,1o.
1108 1698 1167 1775 ι.),
1189 1700 1244 1778 qui
1267 1717 1323 1759 ver

215 1783 346 1864 triginta
364 1780 433 1842 scre
451 1780 542 1840 cuuis
556 1789 629 1840 cute
644 1778 802 1841 Chriatum
818 1791 925 1841 natum
943 1782 982 1840 ob
999 1783 1137 1844 Antonio
1150 1787 1271 1845 occicus
1289 1806 1322 1844 aa

216 1866 397 1931 Terrarcuia
417 1865 500 1943 eiua,
520 1865 660 1945 primum
680 1864 846 1943 Zenodoro
862 1866 986 1928 'cuidam
1002 1868 1102 1930 locata
1117 1867 1253 1952 (loseph.
1269 1872 1321 1930 bel

220 1977 248 2031 1,
265 1973 316 2018 ao.
335 1952 399 2030 4.),
419 1960 490 2032 poet
510 1950 664 2032 Agrippae
680 1954 746 2033 regi
762 1950 878 2013 donata
898 1950 1037 2034 (loaeplr.
1057 1964 1195 2035 ant17,
1221 1976 1268 2017 ιι.
1287 1959 1317 2016 4.

217 2041 353 2118 denique
369 2035 534 2098 aclaudio
556 2036 745 2117 imperatore
760 2036 914 2121 Agrippae
934 2039 1053 2103 iuniori
1073 2041 1187 2103 traditu
1203 2051 1274 2103 eat·
1306 2048 1317 2095 t

214 2127 313 2190 altero
335 2143 411 2184 vero
434 2119 565 2204 Lyeauia
584 2123 735 2204 quodam,
758 2126 810 2205 qui
834 2134 905 2207 poet
925 2125 1015 2186 iilum
1036 2126 1175 2207 priorem
1197 2127 1272 2187 huic
1294 2139 1324 2188 t·-

213 2209 371 2273 trcrchiae
386 2208 572 2291 praefuerit,
594 2208 740 2288 iosephue
761 2210 842 2272 uihil
855 2210 958 2275 habet.
984 2210 1077 2272 rur·
1093 2214 1202 2274 vidia
1216 2212 1305 2273 Kreb

215 2298 337 2359 obeerv.
363 2314 393 2375 p.
417 2313 485 2357 ιιο.
512 2303 543 2355 et
573 2294 704 2355 Wnori
723 2294 861 2358 Rcallcx.
886 2316 910 2359 e.
933 2316 960 2356 v.
981 2294 1136 2360 Abilene.
1158 2334 1200 2348 -
1235 2301 1324 2362 Sem

215 2384 347 2447 habetur
370 2381 403 2440 iu
426 2379 465 2441 N.
479 2376 517 2442 Τ.
538 2376 610 2441 Luc.
627 2380 656 2453 3,
683 2398 708 2439 ι.
745 2390 750 2407 ’

294 2460 476 2551 Ἀβιούδ,
498 2458 534 2543 o‘,
557 2462 685 2541 Abiud,
707 2486 822 2529 nomeu
836 2488 926 2549 prop.
938 2466 1054 2531 iodecl,
1067 2469 1125 2530 filii
1141 2470 1314 2535 Sorobabel

215 2552 323 2615 March.
348 2573 372 2630 1,
396 2552 443 2613 ι3.
470 2555 721 2630 commemorati,
743 2554 797 2614 ced
816 2571 829 2612 1
848 2552 964 2614 Chron.
980 2555 1010 2629 3,
1029 2573 1075 2636 19.
1095 2558 1211 2618 omieei.

293 2631 485 2727 Ἀβραάμ,
505 2631 540 2714 ὅ,
561 2637 758 2719 Abraham,
777 2637 865 2703 hebr.
887 2648 1016 2735 Βιῃξις,
1037 2664 1152 2704 ιιοιιιοιι
1166 2647 1299 2728 propri

213 2725 485 2789 declin.¹ouctorie
506 2724 813 2806 gentie'lodaecrum.
857 2723 904 2787 De
923 2728 1061 2787 nominis
1078 2748 1170 2789 semu
1184 2734 1247 2793 rid.
1263 2732 1310 2793 Ge

0 2827 1 2834 ¹
146 2856 154 2879 ,
218 2831 267 2893 ι7,
287 2812 333 2888 3.,
362 2812 402 2872 de
421 2811 492 2872 viro
511 2811 581 2891 ipeo
601 2810 745 2887 Gemrr,
765 2812 808 2871 26
822 2828 888 2893 aqq.
922 2808 1049 2893 Legitur
1073 2814 1180 2876 Matth.
1203 2835 1228 2895 1,
1248 2838 1276 2877 2.
1297 2818 1320 2876 1«

215 2903 245 2977 8,
261 2900 312 2981 39.
332 2896 421 2959 Rom.
437 2895 469 2974 4,
490 2914 538 2959 ιιι.
558 2918 588 2976 9,
604 2916 632 2975 7.
654 2897 719 2958 cat
736 2897 766 2974 3,
784 2917 831 2975 7.·,
847 2898 973 2980 saepius.
986 2930 1032 2945 —
1052 2900 1187 2973 Quidam
1200 2899 1318 2988 Ἀβροιοὶ

212 2988 280 3048 Act.
306 3003 335 3065 7,
360 2980 409 3043 16.
435 2983 651 3065 patronymice
676 3003 734 3065 pro
756 2982 964 3045 Abrahcmide
993 2986 1047 3046 ecl.
1068 2986 1180 3048 lacobo
1204 2993 1306 3072 positu

212 3094 279 3135 eaaa
299 3079 428 3152 putant,
451 3086 493 3128 ne
512 3069 598 3130 locus
613 3068 805 3133 contradicat
821 3070 898 3130 Gen.
913 3070 965 3148 33,
991 3088 1001 3130 ι
1007 3091 1037 3153 9.
1079 3074 1141 3137 Sed
1159 3074 1257 3138 Lucae
1271 3098 1321 3139 mc

212 3159 313 3221 moria
328 3157 431 3238 lapsu·
448 3172 513 3217 eaee
530 3154 667 3217 ridetur.
712 3226 717 3249 Ι

291 3239 498 3328 Ἅβυοοος,
517 3263 567 3316 ου,
589 3235 624 3313 ὅ,
646 3234 779 3324 ἧ-οι,
801 3233 855 3317 td,
883 3240 943 3321 (ex
965 3238 987 3304 d
1009 3252 1041 3303 et
1061 3236 1207 3328 βᾶσοος),
1236 3246 1314 3310 suad

212 3349 332 3404 careno,
353 3326 436 3407 quod
448 3327 616 3390 immeueae
629 3326 878 3393 eeultitudinia.
900 3326 953 3387 Sic
969 3330 1050 3409 apud
1065 3333 1223 3412 prosauoa.
1246 3335 1324 3421 Apu

155 3452 157 3457 ,
213 3424 336 3477 noetror
361 3412 383 3495 ἡ
409 3407 544 3498 ἄβυσσος
562 3413 791 3475 eubetautirum
814 3422 878 3474 eet:
908 3434 1036 3493 vorago
1060 3416 1302 3499 profimdissim

212 3500 309 3583 (apud
335 3510 438 3578 patre·
464 3499 574 3559 ecclee.
594 3500 726 3560 latinos:
745 3496 908 3581 abyffirs),
933 3500 1012 3561 Lxx
1034 3507 1157 3584 aaepiue
1178 3526 1236 3586 pro
1252 3513 1322 3573 nir..

212 3607 308 3666 quum
324 3588 363 3646 de
375 3584 532 3667 profundo
549 3587 643 3648 maria
656 3584 749 3665 (Gen.
770 3605 796 3662 1,
819 3602 846 3648 ο.
869 3602 897 3661 7,
921 3607 969 3648 ιι.
985 3588 1081 3649 ‘Deut
1097 3593 1126 3661 8,
1145 3592 1189 3666 7.)
1211 3602 1275 3653 tum
1296 3596 1316 3654 d

212 3684 327 3732 tartaro
341 3692 365 3732 a.
382 3670 477 3746 hade,
499 3691 577 3749 quae
594 3673 628 3732 iu
644 3680 796 3732 terrarum
815 3670 971 3755 profundo
988 3695 1054 3733 esso
1069 3678 1251 3756 putabatur,
1272 3680 1320 3757 (Ρ

213 3777 264 3835 71,
283 3775 332 3817 οι.
353 3751 482 3842 ἄβυσσοι
496 3758 549 3839 τῆς
568 3757 627 3842 γῆς.
651 3756 787 3835 Ps.107,
807 3755 883 3839 ud).
914 3758 949 3819 ln
967 3758 1006 3819 N.
1023 3760 1051 3818 Τ
1052 3770 1106 3822 eet.
1127 3772 1173 3822 eat
1189 3778 1320 3826 rarrorn

210 3867 235 3905 ι.
259 3841 381 3916 mdes,
417 3853 707 3906 tuamor-tuorum
735 3845 986 3925 receptaculum,
1018 3845 1105 3908 Rom.
1133 3866 1187 3926 ιο,
1209 3870 1236 3930 7.
1268 3862 1313 3914 tun

211 3930 397 3990 daemonum
411 3948 534 4004 carcer,
555 3927 630 4001 Luc.
649 3933 678 4005 8,
694 3928 746 3990 31.
768 3931 862 4033 Apoc.
878 3951 909 4009 9,
935 3948 960 3990 ι.
983 3949 1010 3991 2.
1037 3952 1085 3993 ιι.
1110 3952 1157 4006 ιι,
1181 3952 1208 4011 7.
1234 3955 1283 4012 ι7,
1312 3948 1324 3992 t

211 4032 263 4091 ιο,
291 4034 316 4077 ι.
339 4016 367 4074 3.
391 4017 485 4088 (Acta
503 4013 642 4075 Thomae
663 4023 688 4094 §.
705 4016 756 4076 32.
780 4043 800 4101 ιγ
821 4013 955 4100 ἄβυσσος
976 4020 1032 4082 τοῦ
1057 4015 1230 4103 cupro'pou.)
1253 4028 1278 4080 ’ἢ

287 4096 467 4185 Ἄγαβος,
490 4123 540 4175 ou,
571 4095 607 4176 ὁ,
634 4099 788 4181 Agabus,
818 4124 902 4164 norm
930 4106 1037 4184 proprss
1071 4109 1240 4186 prophetoe
1269 4112 1324 4171 Ac

213 4206 263 4263 ιι,
284 4188 333 4246 28.
357 4206 407 4255 οι,
430 4205 494 4258 ιο.,
516 4189 556 4248 dc
577 4209 639 4267 quo
659 4200 818 4251 caeterum
838 4189 922 4250 nihil
944 4200 1074 4251 corruat„

289 4271 583 4358 Ἆγαθοεργέω,
603 4276 658 4349 (eb
675 4270 800 4357 ἀγαθός
821 4285 855 4337 et
875 4275 997 4358 ἔργον),
1022 4277 1182 4358 beneficia
1197 4281 1320 4341 eolice

209 4357 372 4437 beneficus
391 4379 483 4425 rma,-
504 4361 673 4422 coeundum
697 4361 907 4422 Pharorinum
931 4365 952 4427 i.
974 4386 1003 4445 q.
1026 4361 1178 4447 εὐεργετῶ.
1207 4366 1318 4449 Legitu

213 4465 226 4505 1
252 4446 333 4504 Tim.
356 4446 386 4514 ti,
410 4447 457 4504 ι8.
487 4446 573 4523 (coll.
588 4446 663 4527 βο).
687 4445 717 4519 6,
741 4446 800 4526 ιο.)
822 4463 854 4510 et
874 4448 938 4507 act.
963 4450 1011 4525 14,
1038 4453 1141 4532 17.iu
1167 4455 1257 4515 codd.
1276 4477 1316 4537 pr

205 4532 415 4617 ἀγαθοποιέοι.
1127 4610 1130 4615 .

287 4614 581 4699 >Αγοθοιτοιέοι,
600 4617 640 4693 o'i,
662 4611 780 4702 ssejou,
802 4619 857 4699 (ab
875 4614 997 4703 ἀγαθός
1011 4631 1043 4683 et
1058 4616 1165 4695 ποιέοι)
1191 4623 1225 4703 ι)
1241 4626 1319 4689 saci.

207 4701 292 4779 quod
312 4704 383 4762 aliis
404 4702 482 4761 utile
503 4710 536 4759 et
555 4703 729 4766 iucundum
755 4715 816 4776 est,
847 4704 1042 4788 bencfacr‘O,
1072 4711 1093 4770 i.
1115 4732 1144 4789 q.
1165 4707 1311 4796 εὗεργειέ.

145 4872 149 4885 ι
209 4788 304 4849 Marc.
321 4789 350 4864 3,
367 4791 396 4850 4.
418 4787 491 4852 Luc.
508 4786 539 4866 6,
554 4806 584 4869 9.
606 4790 656 4849 33.
679 4790 731 4853 35.
753 4792 819 4851 Aet
841 4797 888 4873 14,
907 4813 954 4874 ι7.
971 4792 1053 4859 Lxx
1069 4818 1127 4878 pro
1143 4795 1230 4858 hebr.
1247 4811 1318 4882 :rtur
